<?xml version="1.0" encoding="UTF-8"?>
<record xmlns="http://www.loc.gov/MARC21/slim" xmlns:xsi="http://www.w3.org/2001/XMLSchema-instance" xsi:schemaLocation="http://www.loc.gov/MARC21/slim http://www.loc.gov/standards/marcxml/schema/MARC21slim.xsd">
<leader>     nam a22002651a 4500</leader>
<controlfield tag="001">001684264</controlfield>
<controlfield tag="003">NNU</controlfield>
<controlfield tag="005">20061010173227.0</controlfield>
<controlfield tag="008">000606m19651966iq       b    000 0 ara d</controlfield>
<datafield tag="010" ind1=" " ind2=" ">
<subfield code="a">ne 68002817</subfield>
</datafield>
<datafield tag="035" ind1="9" ind2=" ">
<subfield code="a">NYUb12227693</subfield>
</datafield>
<datafield tag="035" ind1=" " ind2=" ">
<subfield code="a">(NNU)NYUb12227693</subfield>
</datafield>
<datafield tag="040" ind1=" " ind2=" ">
<subfield code="c">UPvMLC</subfield>
</datafield>
<datafield tag="066" ind1=" " ind2=" ">
<subfield code="c">(3</subfield>
</datafield>
<datafield tag="090" ind1=" " ind2=" ">
<subfield code="a">BP166.94</subfield>
<subfield code="b">.T86 1965</subfield>
</datafield>
<datafield tag="100" ind1="1" ind2=" ">
<subfield code="a">Ṭūsī, Muḥammad ibn al-Ḥasan,</subfield>
<subfield code="d">995-1067?</subfield>
</datafield>
<datafield tag="245" ind1="1" ind2="0">
<subfield code="6">880-01</subfield>
<subfield code="a">Kitāb al-ghaybah.</subfield>
</datafield>
<datafield tag="260" ind1=" " ind2=" ">
<subfield code="6">880-02</subfield>
<subfield code="a">al-Najaf:</subfield>
<subfield code="b">Maktbat al-Ṣādiq,</subfield>
<subfield code="c">[1965/66]</subfield>
</datafield>
<datafield tag="300" ind1=" " ind2=" ">
<subfield code="a">12, 292 p. ;</subfield>
<subfield code="c">25 cm.</subfield>
</datafield>
<datafield tag="504" ind1=" " ind2=" ">
<subfield code="a">Bibliographical footnotes.</subfield>
</datafield>
<datafield tag="650" ind1=" " ind2="0">
<subfield code="a">Imamate.</subfield>
</datafield>
<datafield tag="700" ind1="1" ind2=" ">
<subfield code="a">Āghā Buzurg al-Ṭihrānī, Muḥammad Muḥsin,</subfield>
<subfield code="d">1875-1970.</subfield>
</datafield>
<datafield tag="740" ind1="3" ind2=" ">
<subfield code="a">al-Ghaybah.</subfield>
</datafield>
<datafield tag="880" ind1="1" ind2="0">
<subfield code="6">245-01/</subfield>
<subfield code="a">كتاب الغيبة :</subfield>
<subfield code="b">تأليف شيخ الطائفة ابي جتفو محمد بن الحسن الطوسي. قدم له آغا يزرك الطهر اني. الطبعة ٢، مصححة ومنقحة.</subfield>
</datafield>
<datafield tag="880" ind1=" " ind2=" ">
<subfield code="6">260-02/</subfield>
<subfield code="a">النجف:</subfield>
<subfield code="b">مكتبة الصادق,</subfield>
<subfield code="c">[١٩٦٥/٦٦]</subfield>
</datafield>
<datafield tag="OWN" ind1=" " ind2=" ">
<subfield code="a">GENERAL</subfield>
</datafield>
<datafield tag="998" ind1=" " ind2=" ">
<subfield code="a">20010429</subfield>
<subfield code="d">20010429</subfield>
<subfield code="d">20010429</subfield>
<subfield code="n">NNU</subfield>
<subfield code="s">6</subfield>
<subfield code="t">c</subfield>
<subfield code="z">p</subfield>
</datafield>
<datafield tag="AVA" ind1=" " ind2=" ">
<subfield code="a">NYU50</subfield>
<subfield code="b">BOBST</subfield>
<subfield code="c">Main Collection</subfield>
<subfield code="d">BP166.94 .T86 1965</subfield>
<subfield code="e">unavailable</subfield>
<subfield code="t">Unavailable</subfield>
<subfield code="f">1</subfield>
<subfield code="g">1</subfield>
<subfield code="h">N</subfield>
<subfield code="i">2</subfield>
<subfield code="j">MAIN</subfield>
<subfield code="k">0</subfield>
</datafield>
</record>
